@book{donaldson,
  author        = {Donaldson, Simon},
  title         = {Riemann Surfaces},
  year          = {2011}
}
